@article{Itu-r2014,
author = {ITU},
file = {},
title = {{Recommendation ITU-R M.2059-0}},
volume = {0},
year = {2014}
}
@article{Systems,
author = {Systems, FreeFlight},
file = {},
pages = {4--5},
title = {{RA-4000 AND RA-4500 RADAR ALTIMETERS}}
}
@article{Kellermann2001,
author = {Kellermann, K I and Moran, J M},
file = {},
keywords = {aperture synthesis,image processing,interferometry,radio imaging},
pages = {457--509},
title = {{Radio Altimeter}},
year = {2001}
}
@article{NationalTelecommunicationsandInformationAdministration2014,
author = {{National Telecommunications and Information Administration}},
file = {},
number = {87},
pages = {1--9},
title = {{4200 - 4400MHz NTIA}},
url = {https://www.ntia.doc.gov/files/ntia/publications/compendium/4200.00-4400.00{\_}01MAR14.pdf},
year = {2014}
}
